<?xml version="1.0" encoding="UTF-8"?><collection xmlns="http://www.loc.gov/MARC21/slim"><record><leader>00542nam--2200193-i-4500</leader><controlfield tag="001">000027127</controlfield><controlfield tag="002">20161230</controlfield><controlfield tag="005">20161230201036</controlfield><controlfield tag="008">060222s1000------------r-----000-0-rus-d</controlfield><datafield ind1=" " ind2=" " tag="040"><subfield code="a">IFIN-HH</subfield></datafield><datafield ind1=" " ind2=" " tag="041"><subfield code="a">rus</subfield></datafield><datafield ind1=" " ind2=" " tag="080"><subfield code="a">539.12</subfield></datafield><datafield ind1="1" ind2=" " tag="100"><subfield code="a">Artsibashev, V.A</subfield></datafield><datafield ind1="1" ind2="0" tag="245"><subfield code="a">Stsintilliatsionnie spectri rasseiannogo gamma-izlucenia tocenih istocenikov</subfield><subfield code="c">V.a. artsibashev, g.a. ivaniukovici</subfield></datafield><datafield ind1=" " ind2=" " tag="260"><subfield code="a">Moskva</subfield><subfield code="b">Atomizdat</subfield><subfield code="c">1969</subfield></datafield><datafield ind1=" " ind2=" " tag="300"><subfield code="a">107P</subfield></datafield><datafield ind1="1" ind2=" " tag="700"><subfield code="a">Ivaniukovici, G.A</subfield></datafield><datafield ind1=" " ind2=" " tag="852"><subfield code="a">30561</subfield><subfield code="c">539.12</subfield></datafield><datafield ind1=" " ind2=" " tag="CAT"><subfield code="a">Sys</subfield><subfield code="c">20111117</subfield><subfield code="h">161934</subfield></datafield></record></collection>